<record xmlns="http://www.loc.gov/MARC21/slim" xmlns:xsi="http://www.w3.org/2001/XMLSchema-instance" xsi:schemaLocation="http://www.loc.gov/MARC21/slim http://www.loc.gov/standards/marcxml/schema/MARC21slim.xsd"><leader>01289cz   2200205n  4500</leader><controlfield tag="001">oca03896541 </controlfield><controlfield tag="005">20001104070522.0</controlfield><controlfield tag="008">950809n| acannaabn          |a aaa     c</controlfield><datafield ind1=" " ind2=" " tag="010"><subfield code="a">nr 95029295 </subfield></datafield><datafield ind1=" " ind2=" " tag="040"><subfield code="a">NNC</subfield><subfield code="b">eng</subfield><subfield code="c">NNC</subfield><subfield code="d">OCoLC</subfield></datafield><datafield ind1="1" ind2=" " tag="100"><subfield code="a">Cremutius Cordus, A.</subfield><subfield code="q">(Aulus),</subfield><subfield code="d">d. 25</subfield></datafield><datafield ind1="1" ind2=" " tag="400"><subfield code="a">Cremutius Cordus, Aulus,</subfield><subfield code="d">d. 25</subfield></datafield><datafield ind1="1" ind2=" " tag="400"><subfield code="a">Cordus, Cremutius,</subfield><subfield code="d">d. 25</subfield></datafield><datafield ind1="1" ind2=" " tag="400"><subfield code="a">Cordus, A. Cremutius</subfield><subfield code="q">(Aulus Cremutius),</subfield><subfield code="d">d. 25</subfield></datafield><datafield ind1="0" ind2=" " tag="400"><subfield code="a">A. Cremutius Cordus</subfield><subfield code="q">(Aulus Cremutius Cordus),</subfield><subfield code="d">d. 25</subfield></datafield><datafield ind1=" " ind2=" " tag="670"><subfield code="a">His Annales [CF] 1991:</subfield><subfield code="b">PHI CD ROM #5.3, Latin Canon, bibliographic screen (A. Cremutius Cordus)</subfield></datafield><datafield ind1=" " ind2=" " tag="670"><subfield code="a">Pauly-Wissowa:</subfield><subfield code="b">8. Halbbd., col. 1703-1794; "Cremutius", #2 (A. Cremutius Cordus; Roman historian of the late Augustan period; b. in the decade 35-25 B.C.; probably a senator; condemned by Sejanus for treason for having made contemptuous speech against him; d. 25 A.D. by committing suicideby starvation)</subfield></datafield><datafield ind1=" " ind2=" " tag="670"><subfield code="a">Oxford class. dict., 1st ed.:</subfield><subfield code="b">p. 241 (Cremutius Cordus, Aulus; historian; writing under Augustus and Tiberius, treated the period from the Civil Wars to 18 B.C.; prosecuted for treason under Sejanus, committed suicide 25 A.D.)</subfield></datafield><datafield ind1=" " ind2=" " tag="670"><subfield code="a">Dict. of Greek and Roman biography and mythology, 1967:</subfield><subfield code="b">v. 1, p. 851 (Cordus, Cremutius)</subfield></datafield><datafield ind1=" " ind2=" " tag="675"><subfield code="a">NUC pre-56.</subfield></datafield></record>